2024 3325
986 179 1011 219 4

212 295 482 337 semestribus
514 293 580 335 uel
602 303 775 347 graecae
807 290 873 332 uel
906 290 1057 334 latinae
1087 292 1155 334 uel
1184 291 1355 346 gallicae
1386 291 1551 345 linguae
1580 292 1793 337 docendae

209 386 307 415 cura
339 373 429 414 Tibi
469 372 662 414 mandata
704 374 805 413 erat.
876 374 1014 424 Atque
1054 371 1096 411 in
1131 370 1211 412 hoc
1249 371 1365 411 tanto
1406 372 1575 422 tamque
1615 371 1792 413 honesto

214 465 390 496 munere
437 453 639 506 quantum
670 464 693 494 e
724 452 877 495 nostris
915 451 1119 494 indicibus
1158 450 1331 505 adparet
1367 461 1443 503 per
1480 450 1623 493 decem
1658 463 1792 493 seme-

205 533 305 575 stria
336 532 536 574 manebas
566 531 619 573 ad
650 535 897 573 autumnum
926 531 1022 572 anni
1054 530 1095 571 h.
1126 542 1160 572 s.
1190 529 1297 571 Vlll.

362 612 477 655 Haec
513 612 640 667 igitur
675 623 771 654 cum
809 622 862 653 ex
897 608 1115 652 annalibus
1153 608 1276 651 huius
1318 607 1468 651 domus
1498 608 1699 651 eruissem
1730 609 1792 650 in-

205 692 342 745 deque
396 691 671 744 conlegissem
727 688 877 731 eodem
926 688 997 728 illo
1048 688 1276 729 autumnali
1326 692 1519 741 tempore
1573 687 1660 735 Te,
1728 688 1793 728 uir

204 770 478 819 uenerabilis,
514 769 611 812 hinc
640 768 880 811 discessisse
912 767 964 809 ad
994 779 1145 809 munus
1181 766 1507 809 ecclesiasticum
1537 766 1791 815 obeundum.

200 851 334 892 laetus
354 849 548 891 uidebam
579 859 726 890 eorum
756 848 826 901 qui
847 847 973 889 hodie
993 858 1088 887 cum
1108 844 1384 900 gratulatione
1404 845 1464 887 Te
1487 848 1641 891 adeunt
1664 849 1784 889 recte

201 932 393 971 constare
444 928 649 969 rationem
667 958 679 976 ‚
734 939 883 969 uerum
937 926 1069 968 multo
1115 926 1239 966 etiam
1290 925 1440 967 laetior
1490 926 1781 980 intellegebam

200 1009 440 1051 uberiorem
472 1005 680 1059 quandam
711 1016 889 1059 eamque
918 1004 1255 1048 iucundissimam
1285 1004 1387 1048 mihi
1414 1005 1502 1048 dari
1532 1006 1695 1060 copiam
1716 1005 1786 1059 qui

201 1087 253 1128 ad
284 1086 378 1127 illos
407 1085 706 1137 quinquaginta
736 1096 868 1126 annos
905 1084 1060 1126 addere
1095 1096 1262 1137 possem
1303 1085 1488 1139 quinque
1525 1097 1621 1127 cum
1661 1084 1790 1126 multa

199 1164 322 1207 laude
359 1165 400 1205 in
438 1164 580 1217 pueris
618 1162 857 1206 erudiendis
894 1162 1146 1205 conlocatos.
1205 1164 1265 1206 sic
1302 1165 1413 1207 enim
1455 1165 1555 1207 mibi
1593 1165 1780 1219 persuasi

199 1244 485 1297 longissimam
538 1253 748 1294 quamque
795 1244 976 1284 aetatem
1029 1241 1207 1285 honeste
1258 1247 1448 1298 exactam
1501 1255 1597 1286 cum
1656 1243 1789 1284 multo

198 1324 353 1366 sudore
381 1334 475 1365 esse
507 1322 791 1364 beatissimam
822 1324 864 1364 et
890 1321 1056 1364 diuinae
1087 1323 1354 1377 benignitatis
1394 1323 1779 1366 manifestissimum

197 1402 501 1445 testimonium.
1235 1451 1237 1454 Ι

359 1480 568 1536 Sedpost
597 1481 826 1524 discessum
861 1479 997 1523 Tuum
1027 1493 1137 1524 anno
1168 1482 1209 1524 h.
1239 1495 1272 1525 s.
1302 1485 1453 1525 octauo
1491 1481 1645 1525 factum
1675 1484 1789 1524 aetas

196 1560 378 1604 hominis
408 1572 515 1614 quae
544 1560 778 1615 adpellatur
807 1562 849 1601 et
877 1560 970 1612 plus
999 1560 1160 1603 abierat
1198 1573 1294 1605 cum
1323 1561 1642 1617 quadragesimo
1674 1573 1788 1603 anno

197 1644 379 1683 exeunte
407 1641 505 1683 huic
535 1640 694 1689 domui,
730 1640 847 1683 cuius
878 1640 986 1683 duae
1021 1645 1118 1684 sunt
1152 1645 1293 1696 partes
1349 1654 1434 1685 uno
1470 1652 1648 1695 corpore
1689 1653 1790 1684 con-

196 1720 368 1774 ligatae,
398 1732 510 1763 noua
549 1719 755 1774 quaedam
799 1720 1041 1763 constitutio
1076 1721 1310 1765 adhibetur.
1380 1721 1509 1764 altera
1550 1720 1661 1763 enim
1692 1732 1790 1775 pars

194 1811 303 1852 quae
338 1803 403 1842 est
453 1803 724 1842 externarum
767 1810 910 1840 rerum
954 1798 1026 1840 diu
1072 1803 1163 1842 erat
1196 1813 1250 1843 ex
1293 1812 1377 1854 quo
1424 1802 1694 1853 acceptorum
1743 1802 1789 1840 et

197 1890 479 1933 expensorum
505 1880 712 1922 rationem
734 1877 1018 1933 praefecturae
1038 1878 1389 1924 Francofurtanae
1409 1879 1615 1922 cottannis
1638 1877 1788 1922 redde-

196 1959 286 2009 bat,
328 1959 458 2001 altera
498 1970 606 2012 quae
651 1958 837 2001 continet
875 1957 1062 2001 scholam
1108 1962 1151 2001 et
1196 1970 1427 2015 puerorum
1471 1957 1784 2014 educandorum

199 2039 389 2082 instituta
419 2037 471 2081 ad
500 2038 542 2081 id
569 2039 771 2093 temporis
803 2039 994 2095 conlegio
1022 2039 1268 2083 scholastico
1299 2038 1413 2094 quod
1432 2038 1613 2082 Berolini
1641 2036 1784 2084 sedem

197 2120 324 2161 habet
356 2119 541 2161 subiecta
576 2121 784 2171 paruerat.
829 2119 915 2161 lam
943 2120 1014 2161 illo
1045 2133 1128 2174 quo
1159 2121 1244 2162 dixi
1275 2131 1384 2162 anno
1414 2120 1507 2160 uiro
1529 2118 1711 2160 maximo
1742 2118 1784 2159 in

198 2199 316 2240 cuius
347 2198 519 2241 arbitrio
549 2195 711 2240 'summa
741 2198 803 2240 rei
834 2198 1106 2243 scholasticae
1127 2200 1407 2243 Borussorum
1427 2201 1519 2242 tum
1537 2197 1671 2252 posita
1692 2200 1783 2239 erat

199 2276 457 2331 discerptum
483 2278 651 2319 nostrae
671 2277 821 2321 domus
842 2279 1115 2322 moderamen
1143 2279 1195 2322 ad
1216 2291 1347 2321 unum
1369 2277 1564 2332 idemque
1583 2287 1784 2320 reuocare

196 2357 418 2400 consilium
440 2359 482 2397 et
501 2360 720 2412 utramque
740 2360 902 2412 partem
923 2358 1275 2401 Francofurtanae
1294 2341 1579 2411 praefecturae
1598 2356 1780 2399 subdere

197 2438 363 2492 placuit.
454 2436 568 2490 quod
620 2438 856 2481 institutum
907 2439 1071 2481 tametsi
1118 2438 1236 2481 initio
1288 2436 1443 2490 aliquid
1494 2435 1782 2492 aegritudinis.

196 2519 377 2572 ingenue
409 2519 457 2558 ut
486 2516 632 2565 fatear,
662 2519 706 2558 et
734 2517 923 2570 ancipitis
944 2529 1069 2559 curae
1088 2518 1209 2560 nobis
1241 2516 1454 2560 adferebat
1473 2517 1543 2571 qui
1562 2529 1586 2559 a
1605 2515 1782 2560 naturali

195 2601 434 2641 ceterorum
477 2596 792 2650 gymnasiorum
836 2596 1131 2639 communione
1171 2595 1412 2639 uideremur
1454 2598 1576 2642 auelli
1594 2628 1605 2647 ‚
1660 2596 1778 2639 breui

197 2681 337 2719 tamen
368 2677 522 2719 factum
552 2680 616 2719 est
646 2679 691 2718 ut
720 2676 903 2731 depulsis
932 2676 1011 2718 illis
1043 2687 1237 2719 curarum
1266 2679 1485 2721 tormentis
1518 2680 1626 2722 bene
1655 2677 1779 2720 nobis

195 2757 350 2799 factum
381 2768 472 2799 esse
503 2757 815 2800 confiteremur.
881 2756 1048 2800 Etenim
1076 2757 1388 2801 Francofurtani
1425 2759 1639 2814 regiminis
1680 2760 1779 2798 tunc

197 2839 286 2878 erat
316 2839 438 2888 caput
456 2838 667 2887 Augustus
689 2837 741 2878 de
764 2836 1006 2881 Wissmann
1028 2838 1091 2880 cui
1114 2840 1298 2881 nostram
1320 2850 1409 2881 rem
1431 2850 1557 2881 curae
1578 2836 1780 2890 cordique
