2024 3325
1003 214 1028 257 9

430 328 499 380 qui
531 327 643 380 cupit
672 331 743 369 aut
773 329 939 377 metuit,
970 330 1086 371 iuuat
1116 328 1231 370 illum
1262 326 1320 366 sic
1350 325 1500 366 domus
1529 327 1570 366 et
1598 337 1666 365 res

430 410 476 448 ut
504 406 662 459 lippum
691 409 825 460 pictae
854 410 1038 458 tabulae,
1066 409 1250 451 fomenta
1279 404 1527 458 podagram,

430 485 635 528 auriculas
664 485 846 529 citharae
876 486 1060 530 conlecta
1091 485 1215 529 sorde
1246 483 1423 526 dolentis

230 562 297 604 illa
327 564 410 607 duo
450 565 657 615 „fomenta
689 566 940 621 podagram“
985 569 1099 608 tanto
1141 575 1268 619 opere
1305 565 1489 617 pugnant
1528 568 1570 605 et
1608 576 1703 606 cum
1733 566 1791 605 rei

231 642 405 686 ueritate
435 646 477 686 et
505 656 600 688 cum
630 645 935 700 elegantissima
956 648 1104 701 poetae
1123 645 1350 687 subtilitate
1371 646 1417 685 ut
1446 655 1530 686 non
1560 643 1745 686 dubitem
1775 658 1797 685 a

231 733 381 777 magno
411 723 598 775 Bentleio
628 726 817 780 accipere
846 726 1129 780 podagrum
1152 749 1203 755 —
1226 737 1333 779 quae
1362 724 1566 778 scriptura
1595 734 1649 764 ne
1678 722 1804 765 libro-

230 815 324 845 rum
353 804 522 858 quidem
551 807 797 850 auctoritate
826 806 1063 850 destituitur
1097 830 1142 838 --
1177 809 1219 849 et
1255 818 1331 860 pro
1370 805 1567 848 fomentis
1604 804 1797 846 conicere

230 884 429 938 scriptum
465 885 516 927 ab
546 887 721 930 Horatio
752 899 844 930 esse
882 887 1126 928 lomenta.
1203 885 1286 937 Qui
1317 883 1446 927 oculis
1476 887 1652 927 utuntur
1696 884 1806 927 bene

231 964 476 1014 constitutis,
505 965 624 1019 pictis
654 966 804 1009 tabulis
833 966 1103 1015 delectantur,
1135 968 1203 1019 qui
1235 967 1405 1010 auribus
1434 977 1519 1009 non
1550 963 1800 1012 dolentibus,

231 1042 412 1086 citharae
431 1045 619 1087 cantibus
649 1045 920 1096 delectantur,
950 1047 1018 1100 qui
1040 1046 1214 1100 pedibus
1236 1049 1278 1087 et
1297 1045 1487 1088 manibus
1508 1048 1624 1087 recte
1644 1045 1800 1093 ualent.

230 1122 441 1165 ablutione
470 1123 748 1175 delectantur,
786 1138 880 1169 cum
910 1126 1042 1179 lippos
1071 1125 1171 1167 nihil
1202 1126 1347 1167 iuuent
1377 1123 1560 1176 tabulae,
1598 1126 1808 1181 podagros

230 1203 332 1245 nihil
361 1204 478 1246 iuuet
505 1203 676 1254 ablutio,
704 1207 873 1248 auribus
903 1205 1090 1248 dolentes
1119 1205 1220 1247 nihil
1251 1206 1396 1247 iuuent
1424 1205 1607 1247 citharae
1644 1207 1803 1246 cantus.

232 1283 472 1327 Sententiae
501 1285 628 1338 igitur
647 1287 881 1339 explanatio
903 1299 996 1328 cum
1017 1288 1070 1328 sit
1090 1286 1259 1339 optima,
1285 1297 1338 1327 ne
1360 1286 1402 1327 in
1421 1285 1613 1327 uocabuli
1635 1284 1804 1337 quidem

232 1365 274 1407 ui
304 1368 348 1407 et
375 1365 675 1420 significatione
706 1365 873 1408 uidetur
900 1365 1156 1408 haerendum
1194 1376 1294 1407 esse.
1361 1367 1408 1406 ut
1444 1365 1556 1407 enim
1593 1367 1806 1407 momenta

232 1446 426 1487 dicuntur
455 1457 531 1499 pro
562 1445 744 1486 motibus
764 1445 976 1498 multaque
996 1446 1197 1494 similiter,
1218 1447 1277 1488 sic
1295 1445 1527 1487 lomentum
1547 1455 1625 1497 pro
1646 1444 1803 1485 lotione

233 1524 301 1567 uel
331 1525 466 1567 lotura
496 1524 575 1567 dici
606 1527 783 1579 poterat.

373 1602 455 1645 Sed
484 1603 561 1653 Tu,
591 1605 657 1645 uir
686 1605 947 1654 uenerabiliS‚
978 1608 1047 1659 qui
1069 1610 1230 1649 tantum
1264 1607 1376 1649 uitae
1406 1606 1585 1660 spatium
1616 1616 1810 1646 emensus

179 1671 187 1679 ’
233 1695 278 1725 es
329 1694 422 1726 cum
469 1684 557 1726 Tua
615 1684 808 1746 felici-tate
860 1685 1171 1740 multorumque
1229 1685 1361 1728 salute
1424 1686 1581 1735 „nitere
1640 1688 1809 1739 porro“‚

236 1762 346 1812 uiue,
376 1760 491 1805 uale!

374 1922 460 1966 Scr.
492 1923 795 1968 Zuellichauiae
824 1939 878 1968 m.
909 1926 1144 1981 Septembri
1175 1940 1211 1969 a.
1242 1924 1619 1971 ClOlDCCCLVlll
