2024 3325
243 388 335 421 esse
355 377 487 431 probe
508 371 754 424 sciebamus,
784 374 936 416 sodalis
958 376 1099 415 autem
1120 373 1183 414 Tu
1204 384 1309 433 eras,
1340 373 1408 412 uir
1426 370 1833 422 uenerabilis,'isque

241 468 336 500 eras
365 433 517 498 sodalis
547 447 615 495 cui
651 451 775 494 huius
812 450 980 493 scholae
1019 452 1062 493 et
1098 450 1224 492 huius
1263 448 1514 504 paedagogii'
1552 449 1832 503 patrocinium

242 528 476 576 obuenlret.
535 531 764 585 Exegimus
794 529 920 584 igitur
948 530 1009 572 Te
1035 532 1226 584 patrono
1240 529 1492 572 decennium
1525 552 1572 558 -
1617 540 1702 580 quo
1732 539 1832 569 con-

242 612 351 655 fecto
380 612 517 655 omnis
546 622 644 653 cura
675 610 808 652 nostri
851 610 896 651 in
928 609 1166 664 conlegium
1203 606 1498 652 scholasticum
1535 608 1741 649 concessit
1781 631 1827 636 —

240 690 358 732 cuius
382 688 728 743 ‘et'g'ratissimam
748 692 791 730 et
810 689 1102 729 suauissimam
1123 689 1259 739 'usque
1289 685 1536 727 memoriam
1556 685 1832 726 seruabimus.

241 767 436 821 quotiens
473 768 586 810 enim
623 767 788 821 cunque
824 765 1138 819 ambigebamus
1178 766 1341 814 animo,
1385 764 1629 807 errabamus
1675 767 1747 806 aut
1790 765 1832 806 in

240 846 464 889 discrimen
508 835 845 894 adducebamur,
896 844 1034 886 mitis
1076 845 1356 897 'sapientia
1411 844 1514 886 Tua
1560 855 1644 886 non
1687 843 1834 885 deerat

241 924 360 968 nobis
391 937 498 979 quae
535 926 616 968 leni
655 937 733 967 nos
769 924 1024 976 salutarique
1065 924 1238 965 consilio
1277 925 1454 967 iuuaret.
1524 922 1639 974 Quid
1676 921 1831 962 muita?

240 1003 293 1046 ad
322 1001 573 1046 hodiernum
592 1015 757 1045 morem
779 1007 826 1045 ut
844 1004 1081 1045 orationem
1102 1014 1238 1044 meam
1266 1003 1597 1051 accommodem,
1628 1013 1830 1044 numeros

239 1084 384 1129 adfero
420 1084 490 1136 qui
538 1083 776 1135 loquantur.
851 1082 1051 1123 aulumn'o
1095 1083 1192 1123 anni
1226 1081 1401 1125 'XXXX
1422 1087 1426 1091 ’
1446 1086 1616 1125 centum
1635 1084 1637 1087 ’
1653 1082 1831 1136 quadra-

240 1163 353 1215 ginta
383 1173 459 1206 sex
480 1162 600 1202 erant
620 1158 882 1214 discipuliet
909 1160 1065 1201 alumni
1102 1160 1173 1213 qui
1195 1160 1573 1215 nostra'discipli‘na
1595 1164 1830 1209 uterentur.

238 1243 441 1282 autumno
472 1239 567 1281 anni
599 1238 631 1280 L
660 1239 827 1281 ducenti
856 1250 1026 1281 nouem.
1068 1241 1161 1291 'per
1190 1238 1362 1279 eosdem
1393 1250 1526 1280 annos
1557 1239 1828 1281 duodenena-

238 1319 352 1372 gin'ta
382 1319 557 1360 iuuenes
588 1316 776 1371 legitimo
812 1315 1007 1360 examine
1045 1317 1129 1359 cuiv
1150 1317 1213 1358 Tu
1252 1317 1446 1369 quotiens
1488 1329 1564 1371 per
1603 1319 1830 1361 maximam

240 1397 376 1437 Tuam
395 1396 725 1448 occupationem.¹
742 1395 892 1437 licebat
920 1395 1017 1437 cum
1046 1396 1252 1449 religione
1280 1399 1323 1437 et
1343 1395 1603 1438 humanitate
1633 1408 1829 1449 praeeras

238 1474 479 1528 exploratos
509 1477 802 1528 spectatosque
832 1474 874 1516 in
915 1473 1172 1517 academiam
1202 1474 1405 1517 misimus.
1783 1460 1785 1462 ¹

391 1552 506 1594 Haec
536 1557 601 1596 est
630 1556 774 1595 nostra
804 1564 938 1607 eaque
968 1553 1194 1594 iustissima
1224 1557 1370 1596 caussa
1407 1567 1483 1597 cur
1512 1555 1594 1598 hoc
1623 1556 1692 1597 die
1722 1556 1830 1598 festo

236 1643 321 1685 quo
351 1631 472 1674 multi
509 1631 657 1675 Deum*
690 1632 897 1686 optimum
934 1631 1165 1674 maximum
1211 1630 1301 1674 'rua
1346 1645 1492 1676 caussa
1534 1633 1828 1688 adprecantur,

233 1712 403 1753 nostrae
432 1711 601 1765 quoque
631 1711 748 1766 uocis
778 1710 930 1760 bonam
958 1714 1121 1764 partem
1159 1710 1359 1752 accedere
1389 1712 1569 1754 uelimus
1598 1716 1641 1755 et
1674 1725 1724 1762 „o
1755 1711 1827 1755 Sol

235 1789 430 1842 pulcher,
476 1803 503 1831 ο
531 1787 762 1833 laudande“
799 1801 997 1831 canamus
1026 1790 1208 1832 laetitiae
1238 1789 1482 1843 plenissimi.
1541 1792 1654 1833 iuisti
1700 1791 1826 1837 enim,

235 1867 301 1909 uir
319 1867 626 1918 candidissime,
657 1879 756 1922 quo
777 1868 844 1911 Te
872 1868 1119 1910 caelestis
1147 1867 1413 1921 sapientia
1438 1867 1631 1911 ducebat.
1698 1868 1825 1911 Posui

234 1950 377 1989 autem
424 1948 527 1989 haec
569 1946 624 1999 Q.
663 1947 825 1988 Horatii
866 1947 1000 1990 Flacci
1041 1949 1173 1991 uerba
1209 1950 1318 2001 quae
1352 1950 1451 1989 sunt
1490 1948 1532 1989 in
1561 1949 1739 2002 epistula
1772 1949 1826 1990 lu

235 2026 328 2069 libri
368 2028 385 2068 Ι
426 2026 479 2068 de
514 2025 665 2080 quibus
694 2025 853 2068 Tecum
890 2025 1169 2080 conloquerer
1220 2026 1375 2080 paucis.
1454 2025 1581 2078 Quod
1619 2038 1688 2069 me
1727 2028 1826 2070 satis

234 2107 343 2148 nosti
372 2107 506 2159 qualis
543 2106 642 2153 sim,
684 2111 772 2147 non
810 2117 962 2147 uereor
1006 2118 1060 2147 ne
1097 2118 1247 2159 magna
1288 2108 1506 2157 exspectes
1543 2106 1825 2160 frustrataque

234 2196 309 2238 spe
344 2184 533 2227 discedas
568 2181 748 2235 iniquus.
806 2183 897 2225 hoc'
916 2195 1049 2225 unum
1085 2187 1150 2226 est
1186 2182 1301 2237 quod
1335 2194 1416 2237 ago
1461 2186 1510 2225 ut
1545 2184 1588 2226 in
1617 2196 1747 2238 parua
1778 2199 1825 2229 re

234 2276 429 2318 magnam
457 2263 572 2305 cerni
603 2262 817 2304 Venusini
834 2265 969 2305 artem
998 2263 1033 2304 si
1056 2263 1145 2305 fieri
1176 2262 1310 2316 possit
1334 2261 1555 2316 explanem
1595 2267 1721 2318 atque
1751 2265 1824 2308 de-

236 2345 479 2385 monstrem.
540 2340 623 2392 Qui
649 2343 869 2394 postquam
904 2342 960 2383 ibi
995 2341 1147 2383 lulium
1173 2341 1343 2384 Florum
1370 2343 1553 2385 amicum
1593 2347 1710 2387 tanto
1731 2357 1824 2388 esse

234 2421 402 2475 ingenio
433 2421 681 2462 instructum
713 2419 819 2461 dixit
855 2423 902 2462 ut
938 2419 991 2462 ad
1026 2431 1336 2474 quamcumque
1374 2423 1508 2463 artem
1547 2434 1640 2464 sese
1676 2427 1822 2467 contu-

235 2500 349 2542 lisset
379 2499 420 2541 in
451 2511 498 2540 ea
529 2501 695 2551 praeter
724 2501 887 2540 ceteros
916 2499 1133 2541 uideretur
1161 2499 1371 2541 excellere
1401 2512 1539 2553 posse,
1569 2502 1649 2542 iam
1680 2502 1797 2545 addit

1079 2577 1229 2631 quodsi

467 2654 616 2708 frigida
647 2667 842 2697 curarum
874 2656 1058 2698 fomenta
1098 2656 1338 2709 relinquere
1368 2670 1526 2711 posses,

467 2743 555 2786 quo
587 2735 628 2776 te
659 2733 850 2776 caelestis
880 2733 1084 2787 sapientia
1116 2733 1310 2784 duceret,
1341 2737 1436 2778 ires.

473 2811 554 2854 hoc
585 2825 711 2867 opus,
742 2813 824 2855 hoc
852 2813 1036 2854 studium
1068 2814 1185 2866 parui
1217 2826 1491 2868 properemus
1523 2819 1565 2856 et
1595 2816 1736 2869 ampli.

469 2891 503 2932 si
534 2891 692 2943 patriae
723 2891 940 2940 uolumus,
964 2891 1004 2932 'si
1036 2892 1156 2934 nobis
1188 2893 1333 2935 uiuere
1363 2893 1459 2934 cari.
