2024 3325
1029 202 1056 244 8

252 323 350 363 hoc
379 321 422 362 in
451 330 537 372 quo
567 316 710 358 breuis
740 318 805 357 est
834 327 860 355 o
891 315 1064 364 uocalis,
1094 316 1366 359 adfirmamus
1396 327 1523 371 porro
1554 323 1607 362 et·
1626 296 1839 365 contendi-

250 414 344 445 mus
375 401 418 442 in
449 409 534 440 una
554 396 789 449 eademque
816 394 1023 437 sententia
1044 405 1153 449 quae
1172 406 1250 448 per
1277 398 1414 439 totum
1437 409 1615 441 uersum
1645 401 1840 453 pertinet,

252 480 402 525 inscite
431 477 502 520 illa
531 474 727 529 bipartita
757 485 885 527 quam
910 474 1058 516 statuit
1086 474 1279 516 oratioue
1307 474 1433 518 incidi
1471 476 1699 521 uerborum
1729 480 1840 521 ordi-

252 573 352 604 nem
381 562 425 601 et
453 557 719 600 structuram.
778 552 952 594 Accedit
995 550 1110 604 quod
1147 551 1202 593 de
1237 552 1320 596 boc
1356 555 1528 608 quidem
1571 556 1665 598 loco
1701 559 1841 601 ualeat

253 639 564 695 grauissimum.
633 645 735 675 cura
754 634 820 674 est
847 630 962 672 enim
991 629 1128 672 omnis
1157 631 1288 674 animi
1315 635 1456 676 motus
1485 633 1555 677 uel
1583 634 1839 680 tardioruel

251 716 547 761 uehementior
575 723 670 754 cum
699 709 991 764 praesentibus
1030 709 1157 752 rebus
1194 721 1282 754 non
1316 712 1504 755 conteuti
1539 713 1640 756 alias
1676 716 1840 767 quaeri·

254 810 369 847 mus,
404 808 502 838 cum
532 804 657 846 saepe
695 791 765 834 uel
796 789 938 833 addito
974 788 1146 831 nomine
1177 789 1244 831 uel
1282 792 1397 833 omni
1424 795 1668 837 sententiae·
1693 798 1841 838 tenore

252 878 369 921 cuius
399 876 453 917 sit
481 873 543 915 rei
573 883 673 914 cura
703 870 897 913 subtilius
927 869 1164 919 definiatur,
1213 870 1310 921 quia
1350 871 1453 913 nihil
1482 873 1566 915 tale
1594 875 1769 916 accessit
1798 876 1839 917 h.

254 959 280 1000 l.
310 968 364 999 ne
402 953 575 995 minima
606 950 777 1004 quidem
808 949 983 1002 suspitio
1014 951 1079 991 est
1108 960 1183 991 cur
1209 948 1262 990 ad
1291 950 1564 994 ambitionem
1592 952 1839 996 referantur.

252 1036 427 1077 Reiecto
466 1032 549 1074 hoc
585 1028 871 1087 Doederleinii
912 1028 1101 1070 instituto
1139 1028 1252 1070 liaec-
1288 1028 1459 1082 quidem
1503 1043 1611 1084 quae
1639 1035 1756 1086 quasi
1787 1035 1840 1076 de

251 1117 377 1170 pleno
407 1115 580 1168 pectore
610 1111 782 1151 manant

457 1192 539 1235 boc
571 1200 697 1243 opus,
727 1187 809 1230 hoc
838 1185 1023 1229 studium
1054 1186 1173 1240 parui
1205 1197 1482 1240 properemus
1513 1193 1556 1233 et
1584 1192 1710 1246 ampli

251 1275 374 1328 plana
405 1273 530 1314 erunt
559 1271 602 1310 et
632 1267 849 1320 expedita,
887 1266 962 1308 sed
1001 1266 1315 1319 frigidissimum
1353 1272 1545 1311 remanet
1582 1273 1838 1313 tormentum

251 1354 293 1394 in
323 1350 395 1394 illo
423 1359 552 1391 uersu

462 1425 612 1480 frigida
642 1436 839 1467 curarum
870 1425 1055 1466 fomenta
1091 1423 1331 1477 relinquere
1361 1438 1506 1480 posses

252 1513 293 1554 in
324 1508 476 1564 quibus
498 1518 606 1561 quae
636 1506 799 1560 positae
828 1506 926 1548 sunt
955 1505 1335 1549 commentatorum
1364 1509 1475 1550 artes
1503 1505 1583 1549 dici
1606 1505 1679 1548 uix
1701 1508 1841 1560 potest

250 1591 408 1644 quanto
449 1597 580 1640 opere
609 1587 700 1626 arte
742 1586 912 1626 careant
951 1587 994 1625 et
1030 1584 1205 1625 ratione.
1266 1584 1437 1627 fouendi
1471 1587 1585 1628 enim
1614 1587 1677 1628 uis
1707 1589 1841 1629 cerni-

250 1670 383 1713 turin
413 1666 552 1709 calore
581 1666 629 1705 ut
658 1663 861 1717 quidquid
891 1664 981 1705 sine
1011 1661 1151 1706 calore
1180 1666 1243 1706 est
1274 1664 1421 1707 fouere
1450 1678 1535 1708 non
1563 1666 1708 1720 possit,
1739 1678 1840 1720 ergo

248 1750 282 1792 si
305 1746 571 1790 adtribuatur
600 1743 770 1785 fouendi
801 1742 952 1784 rationi
985 1742 1026 1784 id
1048 1742 1161 1796 quod
1183 1746 1247 1785 est
1276 1745 1545 1795 contrarium,
1575 1746 1640 1787 uis
1660 1746 1840 1800 frigoris,

250 1838 424 1871 necesse
454 1827 520 1866 est
550 1822 618 1864 illa
650 1823 868 1865 exoriatur
902 1824 1104 1865 orationis
1143 1823 1276 1876 figura
1317 1836 1425 1877 quae
1464 1824 1697 1878 adpellatur
1737 1837 1839 1879 oxy-

248 1917 429 1948 morum.
507 1901 592 1944 Sed
639 1900 763 1943 huius
813 1902 974 1957 figurae
1024 1902 1281 1945 certissimus
1330 1905 1394 1944 est
1438 1902 1587 1944 modus
1633 1906 1676 1945 et
1723 1904 1838 1956 quasi

249 1986 368 2028 color
397 1983 465 2026 uel
504 1984 645 2024 iocose
674 1981 838 2023 ridendi
868 1984 937 2026 uel
968 1983 1238 2026 acerbissime
1268 1981 1509 2036 castigandi.
1558 1982 1742 2024 indicant
1771 1982 1839 2024 illa

249 2064 466 2107 horatiana
517 2061 753 2111 „insaniens
807 2062 1035 2115 sapientia“
1082 2065 1126 2103 et
1171 2061 1418 2110 „concordia
1463 2060 1664 2103 discors“.
1738 2061 1841 2103 haec

247 2146 389 2184 autem
421 2140 598 2195 epistula
629 2152 755 2194 quam
793 2142 917 2194 poeta
957 2139 1009 2182 ad
1040 2140 1192 2182 lulium
1223 2140 1394 2182 Florum
1432 2140 1545 2182 misit
1580 2139 1687 2182 nihil.
1713 2140 1840 2182 habet

248 2221 344 2263 salis
375 2222 449 2262 aut
477 2219 721 2262 facetiarum
752 2231 831 2262 nec
860 2219 1144 2262 altercationis
1165 2222 1238 2261 aut
1268 2219 1390 2272 iurgii
1421 2219 1494 2261 sed
1515 2218 1625 2262 serio
1647 2222 1840 2262 uersatur

248 2302 291 2342 in
312 2299 439 2341 rebus
468 2298 740 2351 exquirendis
771 2310 948 2352 quarum
978 2310 1063 2340 non
1095 2298 1233 2339 minus
1263 2298 1492 2339 amicorum
1524 2310 1649 2351 quam
1677 2299 1838 2341 Horatii

247 2379 433 2421 studium
477 2380 567 2418 erat
611 2380 657 2418 ut
710 2380 902 2430 oxymori
958 2379 1091 2432 figura
1137 2378 1178 2419 in
1217 2388 1309 2417 eam
1357 2376 1504 2418 cadere
1558 2389 1642 2419 non
1694 2378 1838 2430 possit.

248 2458 443 2511 quocirca
493 2454 593 2496 dum
634 2455 782 2497 melius
833 2456 1072 2498 inueniatur
1112 2455 1269 2507 accipio
1315 2455 1427 2507 quod
1464 2456 1514 2497 ab
1560 2456 1700 2509 aliquo
1739 2456 1839 2498 olim

249 2535 515 2590 propositum
548 2536 611 2575 est

460 2612 609 2668 frigida
640 2623 837 2654 curarum
867 2614 1076 2653 tormenta
1108 2610 1346 2665 relinquere
1375 2623 1533 2665 posses.

247 2693 333 2736 Nec
363 2706 467 2736 uero
498 2693 579 2736 hoc
609 2693 863 2736 uocabulum
894 2693 1177 2734 fomentorum
1209 2691 1322 2744 quod
1351 2703 1402 2734 ex
1434 2692 1513 2735 hoc
1544 2706 1671 2736 uersu
1701 2705 1839 2736 remo-

247 2773 430 2815 uendum
470 2773 666 2815 duximus
705 2772 944 2815 defenditur
982 2773 1054 2811 aut
1100 2769 1402 2812 conmendatur
1451 2771 1582 2814 altero
1621 2772 1714 2814 loco
1755 2785 1839 2825 qno

246 2853 356 2904 apud
389 2853 611 2894 Horatium
642 2856 770 2894 extat.
830 2854 872 2895 in
905 2851 937 2893 ll
972 2850 1174 2903 epistulae
1206 2848 1268 2891 his
1299 2850 1489 2892 uersibus
