2024 3325
924 229 948 271 7

149 345 363 397 repetatur
383 342 631 396 pleniusque
652 343 985 391 demonstretur,
1016 341 1302 384 bodietamen
1331 342 1449 384 breui
1479 342 1732 395 praecidam.

148 421 277 464 Poeta
317 421 445 474 igitur
479 432 576 463 cum
613 420 683 462 uel
721 420 897 462 consilio
931 419 1002 461 uel
1043 419 1293 461 necessitate
1336 419 1515 472 quadam
1563 424 1733 464 coactus

150 501 264 542 idem
295 498 547 540 uocabulum
575 499 637 541 bis
665 502 786 540 terue
815 498 858 541 in
888 509 973 540 uno
993 497 1231 550 eodemque
1260 508 1388 539 uersu
1408 499 1476 540 uel
1505 500 1548 541 in
1568 500 1732 543 duobus

148 577 399 632 pluribusne
437 577 629 621 uersibus
659 577 866 620 continuis
895 577 1035 631 ponit,
1073 588 1238 619 summa
1277 576 1490 631 diligentia
1521 576 1564 618 id
1594 580 1732 631 sequi-

147 661 218 699 tur
247 661 294 700 ut
323 658 458 700 altero
489 657 558 698 uel
597 657 724 699 tertio
754 656 867 699 idem
898 657 954 699 sit
990 667 1118 698 sonus
1148 655 1382 709 eademque
1421 657 1486 699 uis
1515 660 1559 699 et
1578 659 1613 699 si
1642 659 1732 701 fieri

149 738 286 791 possit
314 738 441 779 etiam
472 735 619 778 eadem
648 736 783 790 figura
811 736 1005 779 uocabuli
1036 747 1145 789 quae
1173 735 1311 776 suerat
1339 735 1479 788 primo
1508 737 1616 779 loco.
1672 740 1734 780 ni-

148 816 302 866 mirum
332 814 413 857 hoc
440 813 542 856 illud
572 818 636 857 est
683 826 856 865 „unum
902 817 951 857 et
995 813 1239 868 simplex“
1286 814 1338 856 ad
1383 814 1498 868 quod
1537 819 1662 871 poeta
1691 818 1734 859 in

148 895 331 936 minimis
361 893 554 936 maximis
584 895 813 937 contendit.
872 894 964 947 lege
994 893 1098 935 haec

352 995 377 1025 o
409 985 546 1033 ciues,
577 984 711 1033 ciueS,
742 982 979 1037 quaerenda
1009 982 1186 1036 pecunia
1215 983 1396 1035 primum
1428 986 1492 1024 est

351 1061 572 1103 scribimus
603 1062 760 1106 indocti
794 1063 990 1116 doctique
1020 1064 1214 1115 poemata
1243 1061 1402 1114 possim

353 1140 486 1183 lusisti
516 1143 618 1188 satis
649 1142 772 1185 edisti
803 1142 901 1184 satis
931 1143 1057 1194 atque
1087 1141 1227 1183 bibisti

352 1220 385 1261 si
417 1220 524 1262 bene
555 1222 624 1274 qui
655 1224 792 1270 cenat,
823 1221 930 1262 bene
960 1219 1087 1268 uiuit,
1118 1219 1251 1268 lucet,
1282 1230 1425 1261 eamus

351 1301 495 1341 nostra
524 1299 598 1341 sed
628 1299 830 1353 inpugnat
858 1310 936 1340 nos
964 1301 1192 1351 nostraque
1228 1297 1382 1339 liuidus
1412 1297 1502 1338 odit

354 1377 626 1430 spectandum
658 1377 787 1430 nigris
818 1376 950 1418 oculis
979 1376 1187 1429 nigroque
1219 1374 1371 1428 capillo

151 1467 407 1521 habebisque
438 1467 551 1509 illam
581 1467 765 1521 speciem
796 1478 845 1509 ac
875 1465 1051 1508 formam
1083 1476 1190 1518 quae
1220 1463 1272 1506 ad
1302 1464 1403 1507 artis
1439 1476 1631 1507 normam
1664 1479 1736 1509 ex-

151 1558 292 1600 pressa
324 1549 400 1589 est.
458 1557 537 1588 nec
565 1555 719 1588 uereor
747 1558 801 1588 ne
828 1545 933 1588 haec
963 1548 1005 1587 et
1035 1544 1185 1587 similia
1214 1543 1335 1585 nobis
1364 1544 1600 1587 obiciantur

357 1636 511 1679 labitur
541 1640 584 1679 et
614 1637 779 1680 labetur
808 1636 849 1679 in
880 1648 1006 1678 omne
1035 1634 1232 1678 uolubilis
1262 1646 1415 1676 aeuum

358 1715 501 1756 nauim
531 1726 658 1768 agere
686 1715 854 1769 ignarus
887 1715 1005 1757 nauis
1036 1714 1157 1755 timet
1186 1737 1241 1744 -—-
1271 1738 1326 1744 -—
1357 1738 1412 1744 -—

360 1793 481 1836 Grais
512 1794 740 1846 ingenium,
772 1793 892 1836 Grais
922 1794 1039 1836 dedit
1075 1804 1149 1834 ore
1181 1791 1365 1834 rotundo

155 1895 262 1937 quae
292 1884 454 1923 tantum
483 1881 602 1923 abest
630 1886 677 1924 ut
706 1883 817 1925 illam
856 1883 1197 1925 obseruatiouem
1237 1884 1431 1923 euertant
1464 1886 1511 1924 ut
1540 1885 1741 1928 adiuuent

155 1961 325 2015 egregie
354 1962 480 2013 atque
511 1961 745 2012 stabiliant,
776 1961 1006 2003 dummodo
1035 1972 1184 2003 uersus
1214 1960 1272 2002 illi
1302 1962 1417 2002 recte
1446 1963 1489 2003 et
1518 1961 1741 2016 disponan-

156 2045 226 2083 tur
257 2042 299 2082 et
328 2039 568 2082 recitentur.
628 2039 819 2082 addimus
870 2040 947 2081 hos
992 2051 1140 2081 uersus
1186 2040 1255 2093 qui
1300 2040 1426 2081 etiam
1472 2043 1645 2096 propius
1690 2046 1742 2087 ad

157 2119 269 2161 illam
300 2117 614 2160 similitudinem
644 2119 848 2162 accedunt

361 2208 442 2250 hoc
471 2208 631 2262 primus
660 2211 826 2262 repetas
853 2220 978 2262 opuS,
1010 2208 1090 2251 hoc
1118 2211 1357 2262 postremus
1392 2209 1561 2252 omittas

361 2287 464 2329 haec
493 2287 649 2340 placuit
678 2287 830 2336 semel,
861 2287 965 2329 haec
994 2287 1133 2329 decies
1163 2288 1344 2341 repetita
1372 2287 1552 2341 placebit

361 2366 438 2408 hos
469 2364 616 2407 ediscit
649 2368 691 2407 et
720 2365 798 2408 hos
828 2370 921 2409 arto
951 2368 1100 2422 stipata
1130 2366 1296 2408 theatro

355 2456 414 2488 ‚an
444 2444 595 2497 rapias.
649 2445 763 2498 atqui
793 2457 935 2487 rerum
968 2448 1092 2499 caput
1118 2445 1201 2487 hoc
1231 2447 1341 2495 erat,
1372 2444 1440 2487 hic
1470 2445 1561 2487 sons

364 2523 444 2564 hoc
473 2525 607 2572 amet,
639 2522 719 2564 hoc
748 2526 919 2577 spernat
947 2524 1142 2577 promissi
1171 2524 1367 2565 carminis
1397 2526 1556 2565 auctor.

161 2625 368 2678 Quocirca
401 2624 443 2665 in
473 2623 716 2674 Horatium,
749 2625 1105 2679 elegantissimum
1134 2627 1323 2678 poetam,
1361 2635 1561 2677 negamus
1591 2628 1633 2667 et
1652 2638 1746 2680 per-

161 2715 363 2759 negamus
404 2703 446 2744 id
487 2704 715 2746 conuenire
745 2705 858 2758 quod
889 2718 912 2747 a
943 2703 1240 2747 Doederleinio
1272 2705 1310 2745 ei
1341 2693 1561 2745 obtrusum
1593 2708 1670 2754 est,
1702 2710 1749 2748 ut

160 2785 205 2825 in
234 2784 386 2825 eodem
415 2792 543 2824 uersu
572 2785 752 2834 poneret
780 2784 963 2837 primum
992 2782 1221 2824 ablatiuum
1260 2782 1354 2823 hoc
1389 2779 1506 2822 cuius
1544 2782 1749 2833 producta

161 2866 226 2905 est
254 2863 409 2906 uocalis
452 2874 477 2903 o
517 2861 717 2916 nulloque
755 2874 888 2917 paene
931 2861 1152 2905 interuallo
1199 2861 1419 2903 interiecto
1464 2861 1749 2903 accusatiuum
