2024 3325
1023 192 1049 232 6

241 304 288 346 ln
318 304 469 357 quibus
497 316 592 346 cum
623 304 711 345 sere
750 308 1103 348 commentatores
1143 303 1270 345 uerba
1320 303 1426 352 „hoc
1455 311 1582 356 opus,
1623 304 1703 346 hoc
1742 308 1830 346 stu-

240 382 382 424 dium“
407 382 460 423 ad
490 382 716 425 caelestem
737 383 1000 427 rettulissent
1029 384 1275 438 sapientiam
1295 393 1374 424 nec
1392 381 1505 424 aliud
1523 385 1716 426 secutum
1736 395 1830 425 esse

239 463 409 512 poetam
442 462 733 505 existimarent
762 463 953 504 oratione
993 463 1187 516 bipartita
1217 460 1298 504 nisi
1336 462 1384 500 ut
1413 459 1589 502 eandem
1620 462 1706 503 uim
1737 474 1831 516 gra-

239 540 414 583 uissime
452 541 709 590 enuntiaret,
747 541 840 595 plus
872 552 1022 594 sapere
1052 540 1129 582 sibi
1161 539 1240 582 uisi
1279 541 1377 581 sunt
1406 538 1466 581 lo.
1496 539 1543 583 C.
1577 538 1760 584 Orellius
1788 545 1832 584 et

241 620 486 672 nuperrime
515 620 755 662 Ludouicus
784 618 1117 662 Doederleinius.
1177 618 1373 669 Quorum
1403 618 1473 661 ille
1502 619 1658 673 aliquid
1686 619 1831 663 discri-

242 698 367 740 minis
397 710 489 741 esse
532 699 702 742 uolebat
738 700 848 741 inter
885 710 992 751 opus
1037 697 1266 750 sapientiae
1303 699 1347 738 et
1382 697 1569 740 studium
1604 699 1832 752 sapientiae

244 779 292 817 ut
326 777 403 826 „ad
425 778 632 820 actionem
652 777 883 820 referretur
914 776 1028 824 illud,
1060 776 1141 819 hoc
1162 776 1214 818 ad
1244 763 1480 835 θεωρίαν.
1511 777 1609 831 quia
1629 776 1682 820 de
1701 777 1831 825 latino

240 857 367 906 poeta
398 856 644 908 explicando
676 857 837 911 agitur,
878 868 964 898 non
1003 854 1055 896 de
1095 857 1241 897 nostro
1280 856 1463 909 quodam
1503 856 1729 909 scriptore,
1766 856 1833 897 uir

244 932 509 974 doctissimus
537 935 639 977 illud
660 935 886 978 discrimen
916 933 1085 975 uidetur
1113 933 1262 974 iniuria
1292 935 1499 976 statuisse.
1559 931 1672 984 Quid
1692 933 1831 975 enim?

242 1009 355 1061 quod
385 1012 548 1063 priores
589 1014 711 1056 sedes
749 1015 866 1056 tenet
904 1010 1124 1053 Maeonius
1165 1011 1396 1061 Homerus,
1434 1013 1476 1053 in
1516 1014 1633 1054 tanto
1669 1011 1833 1053 honore

240 1088 420 1131 habetur
450 1091 565 1144 quod
608 1091 741 1146 „quid
772 1091 826 1134 sit
861 1089 1096 1144 pulchrum,
1127 1088 1227 1142 quid
1258 1092 1402 1143 turpe,
1441 1090 1541 1143 quid
1577 1092 1692 1141 utile,
1732 1093 1832 1146 quid

242 1179 348 1215 non,
395 1168 559 1221 planius
600 1182 648 1212 ac
678 1169 827 1211 melius
872 1167 1106 1222 Chrysippo
1152 1170 1194 1209 et
1241 1166 1446 1210 Crantore
1491 1169 1612 1211 dicit“
1647 1170 1834 1223 itemque

243 1245 463 1290 Socratem
494 1248 609 1290 illum
642 1247 817 1289 summis
846 1246 1089 1288 extulerunt
1125 1244 1317 1286 laudibus
1347 1247 1443 1299 quia
1486 1249 1669 1300 „primus
1699 1250 1834 1302 philo·

240 1326 431 1379 sophiam
464 1326 691 1368 deuocauit
721 1336 746 1367 e
776 1324 892 1367 caelo
923 1327 966 1365 et
995 1325 1037 1365 in
1068 1323 1242 1365 urbibus
1274 1324 1511 1366 conlocauit
1539 1329 1581 1367 et
1611 1327 1654 1368 in
1683 1327 1834 1370 domus

243 1389 370 1447 etiam
400 1405 635 1448 introduxit
664 1406 707 1445 et
736 1402 878 1458 coegit
907 1402 960 1445 de
990 1403 1077 1445 uita
1107 1404 1150 1444 et
1178 1402 1367 1444 moribus
1402 1402 1614 1457 rebusque
1642 1404 1763 1447 bonis
1793 1409 1835 1447 et

241 1484 362 1526 malis
389 1486 630 1539 quaerere.“
683 1481 748 1524 Ad
780 1493 1002 1530 summam,
1034 1484 1081 1522 ut
1101 1492 1293 1534 quaeque
1322 1492 1390 1522 ars
1422 1483 1494 1522 aut
1524 1481 1712 1524 doctrina
1742 1483 1834 1536 plu-

241 1564 396 1605 rimum
433 1563 659 1605 uidebatur
703 1559 896 1603 conferre
938 1559 990 1602 ad
1035 1561 1148 1602 uitae
1186 1571 1310 1602 usum
1350 1562 1465 1602 recte
1497 1553 1838 1613 temperandum,

242 1642 298 1682 ita
330 1641 498 1695 plurimi
530 1654 624 1684 eam
655 1639 863 1683 faciebant
892 1640 1191 1693 neminemque
1220 1638 1459 1694 philosophi
1503 1640 1674 1682 nomine
1705 1640 1839 1695 digni-

243 1730 362 1761 orem
394 1719 605 1762 habebant
642 1730 770 1772 quam
798 1717 995 1761 Catones.
1025 1717 1187 1759 Ludou.
1219 1720 1362 1759 autem
1392 1715 1713 1760 Doederleinius
1743 1731 1839 1761 cum

244 1795 509 1839 Orellianum
544 1799 601 1840 ita
634 1797 814 1839 obtineri
842 1808 967 1850 posse
997 1797 1225 1839 arbitretur
1254 1798 1302 1837 ut
1322 1807 1428 1848 opus
1449 1795 1552 1836 uelit
1572 1807 1666 1837 esse
1687 1808 1840 1838 munus

244 1875 539 1929 philosophiae
569 1874 683 1929 quod
715 1876 946 1929 suscipiunt
976 1876 1046 1929 qui
1077 1874 1369 1929 philosophiae
1399 1885 1571 1927 operam
1602 1873 1722 1923 dent,
1751 1877 1839 1916 stu-

244 1954 362 1996 dium
392 1957 533 1996 autem
565 1953 683 2006 quasi
713 1953 1025 1996 inclinationem
1055 1955 1182 1996 animi
1213 1966 1294 2007 qua
1315 1952 1367 1994 ad
1399 1952 1500 1993 illud
1530 1963 1682 1993 munus
1712 1953 1841 1994 susci-

244 2032 447 2086 piendum
478 2032 694 2074 trahamur
723 2033 850 2084 atque
880 2031 1101 2081 ducamur,
1144 2032 1267 2075 altius
1305 2035 1471 2080 tamen,
1511 2034 1559 2072 ut
1596 2030 1651 2071 ita
1691 2030 1841 2078 dicam,

245 2114 409 2164 spectat
437 2123 485 2153 ac
505 2110 628 2165 plane
658 2121 814 2152 nouam
843 2110 979 2152 adfert
999 2111 1335 2164 explicationem.
1395 2108 1596 2150 duo'esse
1627 2109 1839 2151 enuntiata

246 2201 428 2241 quorum
459 2189 577 2242 prius
608 2189 661 2230 sit
696 2187 800 2236 „hoc
838 2192 986 2242 opus“,
1024 2190 1203 2231 alterum
1238 2189 1343 2238 „hoc
1372 2187 1557 2230 studium
1594 2189 1713 2241 parui
1743 2200 1842 2242 pro-

245 2279 446 2320 peremus
478 2271 520 2309 et
550 2267 719 2320 ampli-⁸,
749 2268 866 2320 prius
896 2268 951 2309 ita
982 2267 1126 2320 perfici
1148 2270 1194 2309 ut
1225 2268 1481 2321 cogitatione
1509 2266 1688 2308 addatur
1711 2270 1841 2316 „est“,

244 2345 429 2387 ablatiuo
456 2345 585 2394 „hoc“
622 2345 775 2398 prioris
805 2347 983 2388 membri
1014 2346 1179 2388 ostendi
1212 2346 1397 2389 officium
1420 2346 1533 2400 quod
1556 2349 1619 2388 est
1647 2346 1842 2388 ambitio-

243 2424 306 2464 nis
328 2424 610 2471 omittendae,
643 2424 783 2466 uerbis
814 2424 986 2465 alterius
1015 2425 1193 2466 membri
1224 2426 1359 2466 notari
1391 2425 1620 2478 sapientiae
1639 2430 1843 2466 amorem.

247 2501 292 2542 ln
324 2502 475 2555 quibus
507 2502 752 2546 incredibile
781 2504 845 2544 est
875 2502 987 2544 dictu
1019 2515 1144 2555 quam
1174 2514 1323 2555 parum
1353 2504 1420 2545 uir
1449 2503 1702 2546 clarissimus
1731 2503 1842 2545 illam

244 2579 384 2622 iudicii
425 2581 677 2635 elegantiam
725 2583 767 2622 et
806 2581 1111 2634 integritatem,
1158 2594 1241 2634 quo
1283 2582 1480 2623 Horatius
1525 2581 1676 2635 pollet,
1727 2581 1844 2622 cuius

250 2661 339 2711 ipse
371 2659 692 2703 Doederleinius
724 2659 832 2702 solet
863 2671 957 2701 esse
997 2661 1331 2714 elegantissimus
1367 2661 1436 2702 uel
1479 2661 1740 2703 existimator
1775 2659 1843 2700 uel

246 2737 455 2785 imitator,
493 2751 619 2791 quam
651 2740 779 2792 igitur
808 2751 956 2792 parum
988 2738 1096 2781 hanc
1133 2738 1274 2780 iudicii
1306 2738 1556 2791 elegantiam
1595 2741 1638 2779 et
1673 2738 1844 2790 integri-

247 2817 379 2856 tatem
412 2818 636 2859 curauerit.
699 2818 966 2871 Quamquam
1007 2818 1248 2872 dignissima
1280 2829 1348 2859 res
1380 2817 1547 2859 uidetur
1584 2827 1692 2868 quae
1722 2815 1845 2857 altius
