<?xml version="1.0" encoding="UTF-8"?>
<!DOCTYPE html PUBLIC "-//W3C//DTD XHTML 1.0 Transitional//EN"
    "http://www.w3.org/TR/xhtml1/DTD/xhtml1-transitional.dtd">
<html xmlns="http://www.w3.org/1999/xhtml" xml:lang="en" lang="en">
 <head>
  <title>
</title>
<meta http-equiv="Content-Type" content="text/html;charset=utf-8" />
  <meta name='ocr-system' content='tesseract 3.04.00' />
  <meta name='ocr-capabilities' content='ocr_page ocr_carea ocr_par ocr_line ocrx_word'/>
</head>
<body>
  <div class='ocr_page' id='page_1' title='image "4629187_0009.png"; bbox 0 0 2024 3325; ppageno 0'>
   <div class='ocr_carea' id='block_1_1' title="bbox 223 1002 1812 2936">
    <p class='ocr_par' dir='ltr' id='par_1_1' title="bbox 223 1002 1812 2936">
     <span class='ocr_line' id='line_1_1' title="bbox 227 1002 1795 1110; baseline -0.002 -11"><span class='ocrx_word' id='word_1_1' title='bbox 227 1002 378 1107; x_wconf 69' lang='lat' dir='ltr'>ssuod</span> <span class='ocrx_word' id='word_1_2' title='bbox 418 1066 551 1110; x_wconf 82' lang='lat' dir='ltr'>nuper</span> <span class='ocrx_word' id='word_1_3' title='bbox 601 1055 758 1097; x_wconf 88' lang='lat' dir='ltr'>amicus</span> <span class='ocrx_word' id='word_1_4' title='bbox 803 1065 856 1097; x_wconf 84' lang='lat' dir='ltr'>ex</span> <span class='ocrx_word' id='word_1_5' title='bbox 899 1054 1047 1096; x_wconf 89' lang='lat' dir='ltr'>itinere</span> <span class='ocrx_word' id='word_1_6' title='bbox 1087 1054 1221 1096; x_wconf 83' lang='lat' dir='ltr'>redux</span> <span class='ocrx_word' id='word_1_7' title='bbox 1266 1063 1432 1096; x_wconf 87' lang='lat' dir='ltr'>mecum</span> <span class='ocrx_word' id='word_1_8' title='bbox 1485 1055 1795 1097; x_wconf 85' lang='lat' dir='ltr'>conmunicarat</span> 
     </span>
     <span class='ocr_line' id='line_1_2' title="bbox 223 1133 1798 1190; baseline -0.002 -12"><span class='ocrx_word' id='word_1_9' title='bbox 223 1137 414 1190; x_wconf 78' lang='lat' dir='ltr'>proxime</span> <span class='ocrx_word' id='word_1_10' title='bbox 452 1134 687 1178; x_wconf 86' lang='lat' dir='ltr'>rediturum</span> <span class='ocrx_word' id='word_1_11' title='bbox 728 1133 838 1176; x_wconf 90' lang='lat' dir='ltr'>diem</span> <span class='ocrx_word' id='word_1_12' title='bbox 880 1133 1031 1175; x_wconf 78' lang='lat' dir='ltr'>festum</span> <span class='ocrx_word' id='word_1_13' title='bbox 1062 1145 1145 1186; x_wconf 90' lang='lat' dir='ltr'>quo</span> <span class='ocrx_word' id='word_1_14' title='bbox 1176 1133 1259 1181; x_wconf 84' lang='lat' dir='ltr'>Tu,</span> <span class='ocrx_word' id='word_1_15' title='bbox 1298 1133 1365 1175; x_wconf 91' lang='lat' dir='ltr'>uir</span> <span class='ocrx_word' id='word_1_16' title='bbox 1392 1133 1666 1182; x_wconf 83' lang='lat' dir='ltr'>uenerabilis,</span> <span class='ocrx_word' id='word_1_17' title='bbox 1702 1138 1798 1176; x_wconf 86' lang='lat' dir='ltr'>ante</span> 
     </span>
     <span class='ocr_line' id='line_1_3' title="bbox 224 1211 1798 1268; baseline -0.001 -11"><span class='ocrx_word' id='word_1_18' title='bbox 224 1216 327 1257; x_wconf 87' lang='lat' dir='ltr'>haec</span> <span class='ocrx_word' id='word_1_19' title='bbox 357 1214 502 1257; x_wconf 92' lang='lat' dir='ltr'>decem</span> <span class='ocrx_word' id='word_1_20' title='bbox 537 1213 664 1256; x_wconf 87' lang='lat' dir='ltr'>lustra</span> <span class='ocrx_word' id='word_1_21' title='bbox 702 1213 867 1268; x_wconf 88' lang='lat' dir='ltr'>operari</span> <span class='ocrx_word' id='word_1_22' title='bbox 900 1211 1129 1265; x_wconf 82' lang='lat' dir='ltr'><strong>coepisses,</strong></span> <span class='ocrx_word' id='word_1_23' title='bbox 1164 1212 1207 1254; x_wconf 91' lang='lat' dir='ltr'>in</span> <span class='ocrx_word' id='word_1_24' title='bbox 1243 1224 1290 1254; x_wconf 94' lang='lat' dir='ltr'>re</span> <span class='ocrx_word' id='word_1_25' title='bbox 1320 1215 1362 1254; x_wconf 93' lang='lat' dir='ltr'>et</span> <span class='ocrx_word' id='word_1_26' title='bbox 1397 1214 1677 1256; x_wconf 87' lang='lat' dir='ltr'>communiter</span> <span class='ocrx_word' id='word_1_27' title='bbox 1705 1226 1798 1268; x_wconf 85' lang='lat' dir='ltr'>gra-</span> 
     </span>
     <span class='ocr_line' id='line_1_4' title="bbox 224 1290 1799 1347; baseline -0.001 -10"><span class='ocrx_word' id='word_1_28' title='bbox 224 1295 392 1337; x_wconf 85' lang='lat' dir='ltr'>uissima</span> <span class='ocrx_word' id='word_1_29' title='bbox 422 1296 466 1336; x_wconf 92' lang='lat' dir='ltr'>et</span> <span class='ocrx_word' id='word_1_30' title='bbox 493 1294 662 1347; x_wconf 80' lang='lat' dir='ltr'>proprie</span> <span class='ocrx_word' id='word_1_31' title='bbox 690 1292 933 1340; x_wconf 87' lang='lat' dir='ltr'>laetissima,</span> <span class='ocrx_word' id='word_1_32' title='bbox 974 1290 1087 1344; x_wconf 88' lang='lat' dir='ltr'>quod</span> <span class='ocrx_word' id='word_1_33' title='bbox 1124 1293 1398 1334; x_wconf 80' lang='lat' dir='ltr'>memineram</span> <span class='ocrx_word' id='word_1_34' title='bbox 1437 1293 1479 1334; x_wconf 86' lang='lat' dir='ltr'>in</span> <span class='ocrx_word' id='word_1_35' title='bbox 1518 1296 1660 1335; x_wconf 89' lang='lat' dir='ltr'>nostra</span> <span class='ocrx_word' id='word_1_36' title='bbox 1699 1294 1799 1336; x_wconf 91' lang='lat' dir='ltr'>olim</span> 
     </span>
     <span class='ocr_line' id='line_1_5' title="bbox 223 1371 1804 1426; baseline 0.001 -11"><span class='ocrx_word' id='word_1_37' title='bbox 223 1374 353 1416; x_wconf 89' lang='lat' dir='ltr'>domo</span> <span class='ocrx_word' id='word_1_38' title='bbox 381 1371 454 1415; x_wconf 88' lang='lat' dir='ltr'>abs</span> <span class='ocrx_word' id='word_1_39' title='bbox 484 1373 545 1415; x_wconf 89' lang='lat' dir='ltr'>Te</span> <span class='ocrx_word' id='word_1_40' title='bbox 574 1373 721 1415; x_wconf 88' lang='lat' dir='ltr'>merita</span> <span class='ocrx_word' id='word_1_41' title='bbox 752 1384 845 1414; x_wconf 91' lang='lat' dir='ltr'>esse</span> <span class='ocrx_word' id='word_1_42' title='bbox 886 1371 1089 1425; x_wconf 88' lang='lat' dir='ltr'>stipendia</span> <span class='ocrx_word' id='word_1_43' title='bbox 1126 1373 1279 1426; x_wconf 89' lang='lat' dir='ltr'>prima,</span> <span class='ocrx_word' id='word_1_44' title='bbox 1315 1371 1485 1414; x_wconf 84' lang='lat' dir='ltr'>annales</span> <span class='ocrx_word' id='word_1_45' title='bbox 1522 1373 1650 1415; x_wconf 90' lang='lat' dir='ltr'>libros</span> <span class='ocrx_word' id='word_1_46' title='bbox 1681 1374 1804 1417; x_wconf 89' lang='lat' dir='ltr'>buius</span> 
     </span>
     <span class='ocr_line' id='line_1_6' title="bbox 225 1451 1801 1496; baseline 0.001 -2"><span class='ocrx_word' id='word_1_47' title='bbox 225 1454 375 1495; x_wconf 90' lang='lat' dir='ltr'>domus</span> <span class='ocrx_word' id='word_1_48' title='bbox 412 1456 455 1494; x_wconf 91' lang='lat' dir='ltr'>et</span> <span class='ocrx_word' id='word_1_49' title='bbox 500 1453 669 1495; x_wconf 89' lang='lat' dir='ltr'>scholae</span> <span class='ocrx_word' id='word_1_50' title='bbox 709 1451 987 1494; x_wconf 89' lang='lat' dir='ltr'>consulendos</span> <span class='ocrx_word' id='word_1_51' title='bbox 1029 1462 1122 1492; x_wconf 91' lang='lat' dir='ltr'>esse</span> <span class='ocrx_word' id='word_1_52' title='bbox 1167 1452 1468 1493; x_wconf 81' lang='lat' dir='ltr'>existimabam.</span> <span class='ocrx_word' id='word_1_53' title='bbox 1535 1463 1614 1494; x_wconf 92' lang='lat' dir='ltr'>nec</span> <span class='ocrx_word' id='word_1_54' title='bbox 1650 1453 1801 1496; x_wconf 84' lang='lat' dir='ltr'>frustra</span> 
     </span>
     <span class='ocr_line' id='line_1_7' title="bbox 224 1530 1803 1585; baseline 0.002 -11"><span class='ocrx_word' id='word_1_55' title='bbox 224 1532 505 1575; x_wconf 78' lang='lat' dir='ltr'>consulebam.</span> <span class='ocrx_word' id='word_1_56' title='bbox 565 1543 746 1585; x_wconf 90' lang='lat' dir='ltr'>namque</span> <span class='ocrx_word' id='word_1_57' title='bbox 775 1531 818 1573; x_wconf 90' lang='lat' dir='ltr'>in</span> <span class='ocrx_word' id='word_1_58' title='bbox 846 1530 983 1573; x_wconf 89' lang='lat' dir='ltr'>annali</span> <span class='ocrx_word' id='word_1_59' title='bbox 1013 1530 1127 1572; x_wconf 88' lang='lat' dir='ltr'>edito</span> <span class='ocrx_word' id='word_1_60' title='bbox 1165 1533 1315 1585; x_wconf 84' lang='lat' dir='ltr'>quarto</span> <span class='ocrx_word' id='word_1_61' title='bbox 1347 1530 1471 1573; x_wconf 87' lang='lat' dir='ltr'>huius</span> <span class='ocrx_word' id='word_1_62' title='bbox 1507 1532 1663 1575; x_wconf 87' lang='lat' dir='ltr'>saeculi</span> <span class='ocrx_word' id='word_1_63' title='bbox 1692 1545 1803 1577; x_wconf 91' lang='lat' dir='ltr'>anno</span> 
     </span>
     <span class='ocr_line' id='line_1_8' title="bbox 226 1610 1803 1668; baseline 0.001 -14"><span class='ocrx_word' id='word_1_64' title='bbox 226 1612 443 1655; x_wconf 88' lang='lat' dir='ltr'>Sositheus</span> <span class='ocrx_word' id='word_1_65' title='bbox 480 1610 649 1654; x_wconf 90' lang='lat' dir='ltr'>Samuel</span> <span class='ocrx_word' id='word_1_66' title='bbox 688 1610 917 1659; x_wconf 88' lang='lat' dir='ltr'>Steinbart,</span> <span class='ocrx_word' id='word_1_67' title='bbox 955 1611 1022 1652; x_wconf 92' lang='lat' dir='ltr'>uir</span> <span class='ocrx_word' id='word_1_68' title='bbox 1058 1610 1171 1653; x_wconf 90' lang='lat' dir='ltr'>omni</span> <span class='ocrx_word' id='word_1_69' title='bbox 1210 1610 1333 1652; x_wconf 88' lang='lat' dir='ltr'>laude</span> <span class='ocrx_word' id='word_1_70' title='bbox 1379 1611 1687 1662; x_wconf 88' lang='lat' dir='ltr'>ornatissimus,</span> <span class='ocrx_word' id='word_1_71' title='bbox 1732 1615 1803 1668; x_wconf 88' lang='lat' dir='ltr'>qui</span> 
     </span>
     <span class='ocr_line' id='line_1_9' title="bbox 225 1690 1803 1745; baseline 0.002 -12"><span class='ocrx_word' id='word_1_72' title='bbox 225 1695 315 1733; x_wconf 89' lang='lat' dir='ltr'>tum</span> <span class='ocrx_word' id='word_1_73' title='bbox 360 1691 455 1733; x_wconf 90' lang='lat' dir='ltr'>huic</span> <span class='ocrx_word' id='word_1_74' title='bbox 497 1690 641 1734; x_wconf 85' lang='lat' dir='ltr'>domui</span> <span class='ocrx_word' id='word_1_75' title='bbox 685 1693 876 1745; x_wconf 80' lang='lat' dir='ltr'>praeerat</span> <span class='ocrx_word' id='word_1_76' title='bbox 918 1694 1142 1744; x_wconf 78' lang='lat' dir='ltr'>postquam</span> <span class='ocrx_word' id='word_1_77' title='bbox 1182 1691 1370 1733; x_wconf 86' lang='lat' dir='ltr'>narrauit</span> <span class='ocrx_word' id='word_1_78' title='bbox 1412 1691 1531 1733; x_wconf 90' lang='lat' dir='ltr'>breui</span> <span class='ocrx_word' id='word_1_79' title='bbox 1576 1695 1674 1734; x_wconf 89' lang='lat' dir='ltr'>ante</span> <span class='ocrx_word' id='word_1_80' title='bbox 1717 1696 1803 1736; x_wconf 87' lang='lat' dir='ltr'>tres</span> 
     </span>
     <span class='ocr_line' id='line_1_10' title="bbox 230 1760 1805 1825; baseline 0.003 -14"><span class='ocrx_word' id='word_1_81' title='bbox 230 1771 425 1812; x_wconf 84' lang='lat' dir='ltr'>doctores</span> <span class='ocrx_word' id='word_1_82' title='bbox 476 1768 576 1825; x_wconf 12' lang='lat' dir='ltr'>hinc*</span> <span class='ocrx_word' id='word_1_83' title='bbox 621 1760 756 1812; x_wconf 88' lang='lat' dir='ltr'>abisse</span> <span class='ocrx_word' id='word_1_84' title='bbox 804 1769 914 1811; x_wconf 92' lang='lat' dir='ltr'>idem</span> <span class='ocrx_word' id='word_1_85' title='bbox 964 1772 1252 1814; x_wconf 79' lang='lat' dir='ltr'>conmemorat</span> <span class='ocrx_word' id='word_1_86' title='bbox 1300 1770 1410 1812; x_wconf 91' lang='lat' dir='ltr'>illico</span> <span class='ocrx_word' id='word_1_87' title='bbox 1464 1770 1662 1814; x_wconf 79' lang='lat' dir='ltr'>suffectos</span> <span class='ocrx_word' id='word_1_88' title='bbox 1711 1785 1805 1816; x_wconf 88' lang='lat' dir='ltr'>esse</span> 
     </span>
     <span class='ocr_line' id='line_1_11' title="bbox 227 1847 1804 1903; baseline 0.004 -15"><span class='ocrx_word' id='word_1_89' title='bbox 227 1851 424 1901; x_wconf 85' lang='lat' dir='ltr'>quattuor</span> <span class='ocrx_word' id='word_1_90' title='bbox 466 1860 601 1890; x_wconf 90' lang='lat' dir='ltr'>nouos</span> <span class='ocrx_word' id='word_1_91' title='bbox 645 1849 853 1892; x_wconf 89' lang='lat' dir='ltr'>doctores.</span> <span class='ocrx_word' id='word_1_92' title='bbox 911 1848 1064 1898; x_wconf 88' lang='lat' dir='ltr'>altero,</span> <span class='ocrx_word' id='word_1_93' title='bbox 1094 1849 1246 1903; x_wconf 91' lang='lat' dir='ltr'>inquit,</span> <span class='ocrx_word' id='word_1_94' title='bbox 1277 1847 1371 1890; x_wconf 91' lang='lat' dir='ltr'>loco</span> <span class='ocrx_word' id='word_1_95' title='bbox 1391 1859 1416 1890; x_wconf 88' lang='lat' dir='ltr'>a</span> <span class='ocrx_word' id='word_1_96' title='bbox 1436 1859 1506 1890; x_wconf 89' lang='lat' dir='ltr'>me</span> <span class='ocrx_word' id='word_1_97' title='bbox 1534 1852 1710 1893; x_wconf 88' lang='lat' dir='ltr'>uocatus</span> <span class='ocrx_word' id='word_1_98' title='bbox 1738 1856 1804 1895; x_wconf 89' lang='lat' dir='ltr'>est</span> 
     </span>
     <span class='ocr_line' id='line_1_12' title="bbox 226 1922 1806 1981; baseline 0.002 -10"><span class='ocrx_word' id='word_1_99' title='bbox 226 1928 431 1971; x_wconf 82' lang='lat' dir='ltr'>Henricus</span> <span class='ocrx_word' id='word_1_100' title='bbox 468 1926 699 1971; x_wconf 82' lang='lat' dir='ltr'>Guilelmus</span> <span class='ocrx_word' id='word_1_101' title='bbox 736 1928 833 1977; x_wconf 90' lang='lat' dir='ltr'>Ule‚</span> <span class='ocrx_word' id='word_1_102' title='bbox 871 1922 1241 1977; x_wconf 66' lang='lat' dir='ltr'>Frzincoturtanus,</span> <span class='ocrx_word' id='word_1_103' title='bbox 1277 1927 1516 1981; x_wconf 83' lang='lat' dir='ltr'>theologiae</span> <span class='ocrx_word' id='word_1_104' title='bbox 1550 1929 1806 1981; x_wconf 81' lang='lat' dir='ltr'>candidatus,</span> 
     </span>
     <span class='ocr_line' id='line_1_13' title="bbox 228 2005 1804 2062; baseline 0.002 -12"><span class='ocrx_word' id='word_1_105' title='bbox 228 2009 299 2062; x_wconf 89' lang='lat' dir='ltr'>qui</span> <span class='ocrx_word' id='word_1_106' title='bbox 329 2007 442 2062; x_wconf 84' lang='lat' dir='ltr'>quod</span> <span class='ocrx_word' id='word_1_107' title='bbox 471 2007 577 2049; x_wconf 86' lang='lat' dir='ltr'>obiit</span> <span class='ocrx_word' id='word_1_108' title='bbox 604 2018 756 2049; x_wconf 90' lang='lat' dir='ltr'>munus</span> <span class='ocrx_word' id='word_1_109' title='bbox 784 2018 1014 2061; x_wconf 91' lang='lat' dir='ltr'>puerorum</span> <span class='ocrx_word' id='word_1_110' title='bbox 1044 2008 1087 2048; x_wconf 88' lang='lat' dir='ltr'>et</span> <span class='ocrx_word' id='word_1_111' title='bbox 1115 2005 1441 2050; x_wconf 82' lang='lat' dir='ltr'>erudiendorum</span> <span class='ocrx_word' id='word_1_112' title='bbox 1477 2010 1521 2049; x_wconf 92' lang='lat' dir='ltr'>et</span> <span class='ocrx_word' id='word_1_113' title='bbox 1549 2010 1804 2053; x_wconf 90' lang='lat' dir='ltr'>tuendorum</span> 
     </span>
     <span class='ocr_line' id='line_1_14' title="bbox 227 2070 1806 2141; baseline 0.003 -12"><span class='ocrx_word' id='word_1_114' title='bbox 227 2089 429 2130; x_wconf 85' lang='lat' dir='ltr'>autumno</span> <span class='ocrx_word' id='word_1_115' title='bbox 472 2086 623 2141; x_wconf 92' lang='lat' dir='ltr'>prioris</span> <span class='ocrx_word' id='word_1_116' title='bbox 666 2086 785 2134; x_wconf 87' lang='lat' dir='ltr'>anni,</span> <span class='ocrx_word' id='word_1_117' title='bbox 823 2070 873 2127; x_wconf 27' lang='lat' dir='ltr'>&#39;in</span> <span class='ocrx_word' id='word_1_118' title='bbox 909 2097 960 2127; x_wconf 92' lang='lat' dir='ltr'>eo</span> <span class='ocrx_word' id='word_1_119' title='bbox 996 2088 1112 2127; x_wconf 89' lang='lat' dir='ltr'>tanto</span> <span class='ocrx_word' id='word_1_120' title='bbox 1149 2084 1287 2127; x_wconf 87' lang='lat' dir='ltr'>studio</span> <span class='ocrx_word' id='word_1_121' title='bbox 1314 2088 1512 2140; x_wconf 86' lang='lat' dir='ltr'>tantaque</span> <span class='ocrx_word' id='word_1_122' title='bbox 1554 2088 1806 2133; x_wconf 84' lang='lat' dir='ltr'>dexteritate</span> 
     </span>
     <span class='ocr_line' id='line_1_15' title="bbox 229 2164 1806 2223; baseline 0.003 -14"><span class='ocrx_word' id='word_1_123' title='bbox 229 2170 420 2209; x_wconf 84' lang='lat' dir='ltr'>uersatus</span> <span class='ocrx_word' id='word_1_124' title='bbox 449 2169 513 2209; x_wconf 87' lang='lat' dir='ltr'>est</span> <span class='ocrx_word' id='word_1_125' title='bbox 540 2168 589 2207; x_wconf 93' lang='lat' dir='ltr'>ut</span> <span class='ocrx_word' id='word_1_126' title='bbox 616 2165 772 2219; x_wconf 86' lang='lat' dir='ltr'>optima</span> <span class='ocrx_word' id='word_1_127' title='bbox 803 2175 993 2218; x_wconf 88' lang='lat' dir='ltr'>quaeque</span> <span class='ocrx_word' id='word_1_128' title='bbox 1023 2164 1076 2206; x_wconf 90' lang='lat' dir='ltr'>de</span> <span class='ocrx_word' id='word_1_129' title='bbox 1108 2176 1159 2206; x_wconf 93' lang='lat' dir='ltr'>eo</span> <span class='ocrx_word' id='word_1_130' title='bbox 1196 2175 1365 2218; x_wconf 88' lang='lat' dir='ltr'>sperare</span> <span class='ocrx_word' id='word_1_131' title='bbox 1395 2164 1529 2207; x_wconf 88' lang='lat' dir='ltr'>liceat.</span> <span class='ocrx_word' id='word_1_132' title='bbox 1590 2168 1673 2211; x_wconf 89' lang='lat' dir='ltr'>iam</span> <span class='ocrx_word' id='word_1_133' title='bbox 1711 2182 1806 2223; x_wconf 88' lang='lat' dir='ltr'>per-</span> 
     </span>
     <span class='ocr_line' id='line_1_16' title="bbox 230 2237 1810 2302; baseline 0.003 -15"><span class='ocrx_word' id='word_1_134' title='bbox 230 2246 360 2288; x_wconf 82' lang='lat' dir='ltr'>lustro</span> <span class='ocrx_word' id='word_1_135' title='bbox 414 2245 570 2288; x_wconf 87' lang='lat' dir='ltr'>indices</span> <span class='ocrx_word' id='word_1_136' title='bbox 622 2243 846 2286; x_wconf 87' lang='lat' dir='ltr'>lectionum</span> <span class='ocrx_word' id='word_1_137' title='bbox 900 2243 1104 2295; x_wconf 86' lang='lat' dir='ltr'>proximis</span> <span class='ocrx_word' id='word_1_138' title='bbox 1148 2243 1268 2285; x_wconf 88' lang='lat' dir='ltr'>annis</span> <span class='ocrx_word' id='word_1_139' title='bbox 1314 2237 1551 2288; x_wconf 83' lang='lat' dir='ltr'>habitarum</span> <span class='ocrx_word' id='word_1_140' title='bbox 1599 2247 1810 2302; x_wconf 89' lang='lat' dir='ltr'>uideoque</span> 
     </span>
     <span class='ocr_line' id='line_1_17' title="bbox 229 2320 1807 2381; baseline 0.003 -15"><span class='ocrx_word' id='word_1_141' title='bbox 229 2336 355 2378; x_wconf 88' lang='lat' dir='ltr'>quam</span> <span class='ocrx_word' id='word_1_142' title='bbox 398 2325 479 2367; x_wconf 92' lang='lat' dir='ltr'>late</span> <span class='ocrx_word' id='word_1_143' title='bbox 521 2323 703 2378; x_wconf 88' lang='lat' dir='ltr'>patuerit</span> <span class='ocrx_word' id='word_1_144' title='bbox 745 2322 827 2364; x_wconf 89' lang='lat' dir='ltr'>iam</span> <span class='ocrx_word' id='word_1_145' title='bbox 863 2323 953 2363; x_wconf 90' lang='lat' dir='ltr'>tum</span> <span class='ocrx_word' id='word_1_146' title='bbox 989 2320 1078 2363; x_wconf 90' lang='lat' dir='ltr'>Tua</span> <span class='ocrx_word' id='word_1_147' title='bbox 1113 2321 1294 2365; x_wconf 89' lang='lat' dir='ltr'>eruditio</span> <span class='ocrx_word' id='word_1_148' title='bbox 1338 2326 1381 2365; x_wconf 91' lang='lat' dir='ltr'>et</span> <span class='ocrx_word' id='word_1_149' title='bbox 1419 2324 1634 2368; x_wconf 88' lang='lat' dir='ltr'>industria.</span> <span class='ocrx_word' id='word_1_150' title='bbox 1693 2328 1807 2381; x_wconf 88' lang='lat' dir='ltr'>quod</span> 
     </span>
     <span class='ocr_line' id='line_1_18' title="bbox 229 2383 1811 2459; baseline 0.003 -14"><span class='ocrx_word' id='word_1_151' title='bbox 229 2403 342 2446; x_wconf 87' lang='lat' dir='ltr'>enim</span> <span class='ocrx_word' id='word_1_152' title='bbox 372 2383 526 2456; x_wconf 63' lang='lat' dir='ltr'>pu⁶eros</span> <span class='ocrx_word' id='word_1_153' title='bbox 555 2402 667 2445; x_wconf 89' lang='lat' dir='ltr'>tertii</span> <span class='ocrx_word' id='word_1_154' title='bbox 695 2401 851 2445; x_wconf 87' lang='lat' dir='ltr'>ordinis</span> <span class='ocrx_word' id='word_1_155' title='bbox 878 2400 1081 2444; x_wconf 88' lang='lat' dir='ltr'>inbuebas</span> <span class='ocrx_word' id='word_1_156' title='bbox 1118 2400 1332 2444; x_wconf 87' lang='lat' dir='ltr'>doctrinae</span> <span class='ocrx_word' id='word_1_157' title='bbox 1366 2401 1618 2446; x_wconf 85' lang='lat' dir='ltr'>christianae</span> <span class='ocrx_word' id='word_1_158' title='bbox 1647 2405 1811 2459; x_wconf 89' lang='lat' dir='ltr'>placitis</span> 
     </span>
     <span class='ocr_line' id='line_1_19' title="bbox 228 2479 1807 2535; baseline 0.003 -11"><span class='ocrx_word' id='word_1_159' title='bbox 228 2484 273 2524; x_wconf 87' lang='lat' dir='ltr'>et</span> <span class='ocrx_word' id='word_1_160' title='bbox 303 2481 511 2525; x_wconf 87' lang='lat' dir='ltr'>secundae</span> <span class='ocrx_word' id='word_1_161' title='bbox 539 2483 680 2525; x_wconf 89' lang='lat' dir='ltr'>classis</span> <span class='ocrx_word' id='word_1_162' title='bbox 709 2483 825 2525; x_wconf 91' lang='lat' dir='ltr'>ciues</span> <span class='ocrx_word' id='word_1_163' title='bbox 855 2480 1073 2524; x_wconf 91' lang='lat' dir='ltr'>elementis</span> <span class='ocrx_word' id='word_1_164' title='bbox 1103 2479 1285 2530; x_wconf 90' lang='lat' dir='ltr'>ebraeis‚</span> <span class='ocrx_word' id='word_1_165' title='bbox 1311 2484 1480 2535; x_wconf 87' lang='lat' dir='ltr'>poteras</span> <span class='ocrx_word' id='word_1_166' title='bbox 1510 2483 1643 2526; x_wconf 92' lang='lat' dir='ltr'>uideri</span> <span class='ocrx_word' id='word_1_167' title='bbox 1673 2485 1807 2529; x_wconf 90' lang='lat' dir='ltr'>Tuam</span> 
     </span>
     <span class='ocr_line' id='line_1_20' title="bbox 230 2560 1808 2615; baseline 0.003 -12"><span class='ocrx_word' id='word_1_168' title='bbox 230 2564 273 2603; x_wconf 88' lang='lat' dir='ltr'>et</span> <span class='ocrx_word' id='word_1_169' title='bbox 291 2562 503 2615; x_wconf 85' lang='lat' dir='ltr'>propriam</span> <span class='ocrx_word' id='word_1_170' title='bbox 532 2562 842 2605; x_wconf 85' lang='lat' dir='ltr'>administrasse</span> <span class='ocrx_word' id='word_1_171' title='bbox 870 2560 1153 2615; x_wconf 86' lang='lat' dir='ltr'>prouinciam,</span> <span class='ocrx_word' id='word_1_172' title='bbox 1182 2560 1296 2613; x_wconf 88' lang='lat' dir='ltr'>quod</span> <span class='ocrx_word' id='word_1_173' title='bbox 1323 2561 1437 2604; x_wconf 92' lang='lat' dir='ltr'>idem</span> <span class='ocrx_word' id='word_1_174' title='bbox 1466 2574 1551 2604; x_wconf 89' lang='lat' dir='ltr'>non</span> <span class='ocrx_word' id='word_1_175' title='bbox 1580 2565 1712 2606; x_wconf 90' lang='lat' dir='ltr'>semel</span> <span class='ocrx_word' id='word_1_176' title='bbox 1733 2566 1808 2607; x_wconf 89' lang='lat' dir='ltr'>sed</span> 
     </span>
     <span class='ocr_line' id='line_1_21' title="bbox 230 2637 1811 2696; baseline 0.003 -14"><span class='ocrx_word' id='word_1_177' title='bbox 230 2640 430 2682; x_wconf 83' lang='lat' dir='ltr'>continuo</span> <span class='ocrx_word' id='word_1_178' title='bbox 467 2640 591 2695; x_wconf 91' lang='lat' dir='ltr'>primi</span> <span class='ocrx_word' id='word_1_179' title='bbox 635 2640 794 2683; x_wconf 85' lang='lat' dir='ltr'>ordinis</span> <span class='ocrx_word' id='word_1_180' title='bbox 829 2639 1052 2683; x_wconf 86' lang='lat' dir='ltr'>iuuenibus</span> <span class='ocrx_word' id='word_1_181' title='bbox 1089 2637 1266 2690; x_wconf 81' lang='lat' dir='ltr'>patriam</span> <span class='ocrx_word' id='word_1_182' title='bbox 1302 2640 1496 2683; x_wconf 86' lang='lat' dir='ltr'>tradebas</span> <span class='ocrx_word' id='word_1_183' title='bbox 1543 2641 1728 2696; x_wconf 84' lang='lat' dir='ltr'>linguam</span> <span class='ocrx_word' id='word_1_184' title='bbox 1766 2648 1811 2687; x_wconf 89' lang='lat' dir='ltr'>ut</span> 
     </span>
     <span class='ocr_line' id='line_1_22' title="bbox 230 2715 1809 2777; baseline 0.003 -16"><span class='ocrx_word' id='word_1_185' title='bbox 230 2720 439 2762; x_wconf 86' lang='lat' dir='ltr'>discerent</span> <span class='ocrx_word' id='word_1_186' title='bbox 466 2722 581 2762; x_wconf 92' lang='lat' dir='ltr'>recte</span> <span class='ocrx_word' id='word_1_187' title='bbox 610 2722 653 2761; x_wconf 87' lang='lat' dir='ltr'>et</span> <span class='ocrx_word' id='word_1_188' title='bbox 672 2719 812 2762; x_wconf 91' lang='lat' dir='ltr'>dicere</span> <span class='ocrx_word' id='word_1_189' title='bbox 841 2722 884 2762; x_wconf 90' lang='lat' dir='ltr'>et</span> <span class='ocrx_word' id='word_1_190' title='bbox 913 2715 1117 2766; x_wconf 82' lang='lat' dir='ltr'>scribere,</span> <span class='ocrx_word' id='word_1_191' title='bbox 1148 2720 1193 2759; x_wconf 91' lang='lat' dir='ltr'>et</span> <span class='ocrx_word' id='word_1_192' title='bbox 1216 2720 1386 2762; x_wconf 90' lang='lat' dir='ltr'>secundi</span> <span class='ocrx_word' id='word_1_193' title='bbox 1408 2720 1566 2762; x_wconf 91' lang='lat' dir='ltr'>ordinis</span> <span class='ocrx_word' id='word_1_194' title='bbox 1596 2722 1809 2777; x_wconf 88' lang='lat' dir='ltr'>discipulis</span> 
     </span>
     <span class='ocr_line' id='line_1_23' title="bbox 231 2797 1811 2854; baseline 0.003 -13"><span class='ocrx_word' id='word_1_195' title='bbox 231 2810 478 2854; x_wconf 78' lang='lat' dir='ltr'>magnarum</span> <span class='ocrx_word' id='word_1_196' title='bbox 515 2797 747 2842; x_wconf 88' lang='lat' dir='ltr'>ciuitatium</span> <span class='ocrx_word' id='word_1_197' title='bbox 792 2798 1027 2850; x_wconf 90' lang='lat' dir='ltr'>historiam,</span> <span class='ocrx_word' id='word_1_198' title='bbox 1072 2800 1341 2853; x_wconf 80' lang='lat' dir='ltr'>grauissimas</span> <span class='ocrx_word' id='word_1_199' title='bbox 1377 2798 1501 2843; x_wconf 90' lang='lat' dir='ltr'>huius</span> <span class='ocrx_word' id='word_1_200' title='bbox 1539 2800 1811 2846; x_wconf 85' lang='lat' dir='ltr'>institutionis</span> 
     </span>
     <span class='ocr_line' id='line_1_24' title="bbox 232 2877 1812 2936; baseline 0.003 -16"><span class='ocrx_word' id='word_1_201' title='bbox 232 2881 370 2929; x_wconf 83' lang='lat' dir='ltr'>partes</span> <span class='ocrx_word' id='word_1_202' title='bbox 401 2877 655 2931; x_wconf 82' lang='lat' dir='ltr'>intellegitur</span> <span class='ocrx_word' id='word_1_203' title='bbox 681 2877 755 2920; x_wconf 84' lang='lat' dir='ltr'>abs</span> <span class='ocrx_word' id='word_1_204' title='bbox 783 2878 845 2921; x_wconf 74' lang='lat' dir='ltr'>&#39;l’e</span> <span class='ocrx_word' id='word_1_205' title='bbox 877 2881 1088 2933; x_wconf 84' lang='lat' dir='ltr'>susceptas</span> <span class='ocrx_word' id='word_1_206' title='bbox 1129 2890 1234 2922; x_wconf 87' lang='lat' dir='ltr'>esse.</span> <span class='ocrx_word' id='word_1_207' title='bbox 1293 2877 1453 2922; x_wconf 81' lang='lat' dir='ltr'>accedit</span> <span class='ocrx_word' id='word_1_208' title='bbox 1490 2878 1603 2933; x_wconf 87' lang='lat' dir='ltr'>quod</span> <span class='ocrx_word' id='word_1_209' title='bbox 1639 2881 1812 2936; x_wconf 83' lang='lat' dir='ltr'>singulis</span> 
     </span>
    </p>
   </div>
  </div>
 </body>
</html>
